@book{de2015ergonomia,
  title={Ergonomia e Usabilidade 3{\textordfeminine} edi{\c{c}}{\~a}o: Conhecimentos, M{\'e}todos e Aplica{\c{c}}{\~o}es},
  author={de Abreu Cybis, W. and Betiol, A.H. and Faust, R.},
  isbn={9788575224595},
  url={https://books.google.com.br/books?id=AOa5CgAAQBAJ},
  year={2015},
  publisher={NOVATEC}
}

@book{nielsen1994usability,
  title={Usability Engineering},
  author={Nielsen, J.},
  isbn={9780080520292},
  series={Interactive Technologies},
  url={https://books.google.com.br/books?id=DBOowF7LqIQC},
  year={1994},
  publisher={Elsevier Science}
}

@book{international1998iso,
  title={ISO 9241-11: Ergonomic Requirements for Office Work with Visual Display Terminals (VDTs): Part 11: Guidance on Usability},
  author={International Organization For Standardization},
  url={https://books.google.com.br/books?id=TzXYZwEACAAJ},
  year={1998},
  publisher={ISO}
}
